@article{Takagi1962,
author = "Takagi, S.",
title = "{Dynamical theory of diffraction applicable to crystals with any kind of small distortion}",
journal = "Acta Crystallographica",
year = "1962",
volume = "15",
number = "12",
pages = "1311--1312",
month = "Dec",
doi = {10.1107/S0365110X62003473},
url = {https://doi.org/10.1107/S0365110X62003473},
}

@article{Takagi,
        author = "S. Takagi",
        title  = "",
        journal= "J. Phys. Soc. Jpn.",
        volume = "26",
        pages  = "1239-1253",
        year   = "1969" }

@article{Taupin,
        author = "D. Taupin",
        title  = "",
        journal= "Bull. Soc. Fr. Mineral. Crystallogr.",
        volume = "87",
        pages  = "469-511",
        year   = "1964" }

@article{Taupin1967,
author = "Taupin, D.",
title = "{Pr{\'{e}}vision de quelques images de dislocations par transmission des rayons X (cas de Laue sym{\'{e}}trique)}",
journal = "Acta Crystallographica",
year = "1967",
volume = "23",
number = "1",
pages = "25--35",
month = "Jul",
doi = {10.1107/S0365110X67002063},
url = {https://doi.org/10.1107/S0365110X67002063},
}


@book{authierbook,
  title={Dynamical Theory of X-Ray Diffraction},
  author={Authier, A.},
  year={2003},
  publisher={Oxford University Press},
  doi = {10.1093/acprof:oso/9780198528920.001.0001},
  url = {https://doi.org/10.1093/acprof:oso/9780198528920.001.0001},
}

@book{ZachariasenBook,
    title = {Theory of X-ray Diffraction in Crystals},
    author = {William H. Zachariasen},
    year = {1994},
    month = {07},
    day = {01},
    pagecount = {255},
    isbn = {9780486683638}
}

@article{codeOASYS,
  author = {Rebuffi, L. and Sanchez del Rio, M.},
  title = {{OASYS (OrAnge SYnchrotron Suite): an open-source graphical environment for x-ray virtual experiments}},
  journal = {Proc. SPIE 10388: Advances in Computational Methods for X-Ray Optics IV},
  volume = {10388},
  pages = {169--177},
  year = {2017},
  doi = {10.1117/12.2274263},
  URL = {http://doi.org/10.1117/12.2274263}
} 

@inproceedings{codeXRAYserver,
author = {Sergey A. Stepanov},
title = {{X-ray server: an online resource for simulations of x-ray diffraction and scattering}},
volume = {5536},
booktitle = {Advances in Computational Methods for X-Ray and Neutron Optics},
editor = {Manuel Sanchez del Rio},
organization = {International Society for Optics and Photonics},
publisher = {SPIE},
pages = {16 -- 26},
keywords = {X-ray diffraction, X-ray scattering, X-ray optics, X-ray theory, web-based computations},
year = {2004},
doi = {10.1117/12.557549},
URL = {https://doi.org/10.1117/12.557549}
}

@inproceedings{codeSRWcrystals,
author = {John P. Sutter and Oleg Chubar and Alexey Suvorov},
title = {{Perfect crystal propagator for physical optics simulations with Synchrotron Radiation Workshop}},
volume = {9209},
booktitle = {Advances in Computational Methods for X-Ray Optics III},
editor = {Manuel Sanchez del Rio and Oleg Chubar},
organization = {International Society for Optics and Photonics},
publisher = {SPIE},
pages = {92090L},
keywords = {SRW, dynamical, diffraction, crystal, synchrotron, beamline, wavefront, optics},
year = {2014},
doi = {10.1117/12.2061646},
URL = {https://doi.org/10.1117/12.2061646}
}

@article{codeSRW,
    author = {O. Chubar and P. Elleaume},
    title = {Accurate and efficient computation of synchrotron radiation in the near field region},
    journal = {Proceedings of the 6th European Particle Accelerator Conference - EPAC-98},
    pages = {1177--1179},
    url = {http://accelconf.web.cern.ch/AccelConf/e98/PAPERS/THP01G.PDF},
    year = {1998},
}

@article{codeSHADOW,
    author = {Sanchez del Rio, M. and Canestrari, N. and Jiang, F. and Cerrina, F.},
    title = {{\it SHADOW3}: a new version of the synchrotron X-ray optics modelling package},
    journal = {Journal of Synchrotron Radiation},
    url = {http://dx.doi.org/10.1117/12.893433},
    year = {2011},
    volume = {18},
    number = {5},
    pages = {708--716}
}

@article{codeCRYSTAL,
author = "Sanchez del Rio, Manuel and Perez-Bocanegra, Nicolas and Shi, Xianbo and Honkim{\"{a}}ki, Veijo and Zhang, Lin",
title = "{Simulation of X-ray diffraction profiles for bent anisotropic crystals}",
journal = "Journal of Applied Crystallography",
year = "2015",
volume = "48",
number = "2",
pages = "477--491",
month = "Apr",
doi = {10.1107/S1600576715002782},
url = {https://doi.org/10.1107/S1600576715002782},
keywords = {bent crystal reflectivity, dynamical theory of diffraction, multilamellar, Penning-Polder, crystal anisotropy, compliance tensor, computer programs},
}

@article{Lobach,
  doi = {10.1107/s1600576717004137},
  url = {https://doi.org/10.1107/s1600576717004137},
  year = {2017},
  month = apr,
  publisher = {International Union of Crystallography ({IUCr})},
  volume = {50},
  number = {3},
  pages = {681--688},
  author = {Ihar Lobach and Andrei Benediktovitch and Alexander Ulyanenkov},
  title = {Incorporation of interfacial roughness into recursion matrix formalism of dynamical X-ray diffraction in multilayers and superlattices},
  journal = {Journal of Applied Crystallography}
}

@article{yashiro2001,
title = {Darwin's theory for the grazing incidence geometry},
journal = {Surface Science},
volume = {490},
number = {3},
pages = {394-408},
year = {2001},
issn = {0039-6028},
doi = {https://doi.org/10.1016/S0039-6028(01)01367-X},
url = {https://www.sciencedirect.com/science/article/pii/S003960280101367X},
author = {W. Yashiro and Y. Ito and M. Takahasi and T. Takahashi},
keywords = {Crystallineâ€“amorphous interfaces, Single crystal epitaxy, Single crystal surfaces, Superlattices, Surface structure, morphology, roughness, and topography, X-ray scattering, diffraction, and reflection},
}

@ARTICLE{Yashiro2000,
  title     = "X-ray diffraction from an atomic plane",
  author    = "Yashiro, W and Takahashi, T",
  journal   = "Acta Crystallogr. A",
  publisher = "International Union of Crystallography (IUCr)",
  volume    =  56,
  number    =  2,
  pages     = "163--167",
  month     =  mar,
  year      =  2000,
  copyright = "http://journals.iucr.org/services/copyrightpolicy.html"
}

@ARTICLE{Stepanov1998,
  title     = "Dynamical x-ray diffraction of multilayers and superlattices:
               Recursion matrix extension to grazing angles",
  author    = "Stepanov, S A and Kondrashkina, E A and K{\"o}hler, R and
               Novikov, D V and Materlik, G and Durbin, S M",
  journal   = "Phys. Rev. B Condens. Matter",
  publisher = "American Physical Society (APS)",
  volume    =  57,
  number    =  8,
  pages     = "4829--4841",
  month     =  feb,
  year      =  1998,
  copyright = "http://link.aps.org/licenses/aps-default-license"
}

@article{Osterhoff2012,
author = {Markus Osterhoff and Christian Morawe and Claudio Ferrero and Jean-Pierre Guigay},
journal = {Opt. Lett.},
keywords = {X-ray mirrors; Wave propagation ; Free electron lasers; Fresnel reflection; Fresnel zones; Numerical simulation; Synchrotron radiation; X ray mirrors},
number = {17},
pages = {3705--3707},
publisher = {Optica Publishing Group},
title = {Wave-optical theory of nanofocusing x-ray multilayer mirrors},
volume = {37},
month = {Sep},
year = {2012},
url = {http://opg.optica.org/ol/abstract.cfm?URI=ol-37-17-3705},
doi = {10.1364/OL.37.003705},
abstract = {We have derived a wave-optical model of curved nanofocusing x-ray multilayer mirrors used at synchrotron radiation sources, using a Takagi\&\#x2013;Taupin-like approach. In a first approximation, the individual layers are assumed to be confocal elliptical. This assumption leads to a convenient spatial description in elliptical coordinates. As a first optimization, we study a rotation-like modification and compare numerical simulations to established results for planar multilayers.},
}

@article{Osterhoff2013,
author = {Markus Osterhoff and Christian Morawe and Claudio Ferrero and Jean-Pierre Guigay},
journal = {Opt. Lett.},
keywords = {X-ray mirrors; Wave propagation ; Geometric optics; Hard x rays; Numerical simulation; Refractive index; Synchrotron radiation; X ray mirrors},
number = {23},
pages = {5126--5129},
publisher = {Optica Publishing Group},
title = {Optimized x-ray multilayer mirrors for single nanometer focusing},
volume = {38},
month = {Dec},
year = {2013},
url = {http://opg.optica.org/ol/abstract.cfm?URI=ol-38-23-5126},
doi = {10.1364/OL.38.005126},
}


@article{rowland1882,
author = { Prof.   H.A.   Rowland },
title = {LXI. Preliminary notice of the results accomplished in the manufacture and theory of gratings for optical purposes},
journal = {The London, Edinburgh, and Dublin Philosophical Magazine and Journal of Science},
volume = {13},
number = {84},
pages = {469-474},
year  = {1882},
publisher = {Taylor & Francis},
doi = {10.1080/14786448208627217},
URL = {https://doi.org/10.1080/14786448208627217},
eprint = {https://doi.org/10.1080/14786448208627217}
}

@article{Johann1931,
author={Johann, H. H.},
title={Die Erzeugung lichtstarker R{\"o}ntgenspektren mit Hilfe von Konkavkristallen},
journal={Zeitschrift f{\"u}r Physik},
year={1931},
month={May},
day={01},
volume={69},
number={3},
pages={185-206},
abstract={Es wird geometrisch und rechnerisch abgeleitet, da{\ss} durch Braggsche Reflexion an derkonkaven Seite eines zylindrisch gebogenen Kristalls ohne Spalt scharfe Spektren erzeugt werden k{\"o}nnen. Die der Methode anhaftenden besonderen Fehlerquellen werden besprochen und ihre Lichtst{\"a}rke mit der anderer Methoden verglichen. Ferner wird ein nach diesen Prinzipien gebauter Spektrograph beschrieben. Einige damit erhaltene Spektren werden wiedergegeben. Voraussichtliche Anwendungsgebiete der Methode.},
issn={0044-3328},
doi={10.1007/BF01798121},
url={https://doi.org/10.1007/BF01798121}
}



@article{Johansson1933,
author={Johansson, Tryggve},
title={{\"U}ber ein neuartiges, genau fokussierendes R{\"o}ntgenspektrometer},
journal={Zeitschrift f{\"u}r Physik},
year={1933},
month={Jul},
day={01},
volume={82},
number={7},
pages={507-528},
abstract={1. Es wird eine Methode beschrieben, die durch Biegung eines geeignet geschliffenen Kristallsgenaue, selektive Fokussierung der R{\"o}ntgenstrahlen erm{\"o}glicht. 2. Der Einflu{\ss} verschiedener physikalischer Faktoren auf die Sch{\"a}rfe der Spektrallinien wird diskutiert. 3. Der Einflu{\ss} der verschiedenen m{\"o}glichen Abweichungen von der genauen Herstellung auf die fokalen Eigenschaften der Anordnung wird untersucht. 4. Die Eigenschaften eines auf der Methode beruhenden Spektrometers werden auseinandergesetzt, und ein gebautes Vakuum-spektrometer wird beschrieben. 5. Es wird {\"u}ber einige erreichte Resultate berichtet.},
issn={0044-3328},
doi={10.1007/BF01342254},
url={https://doi.org/10.1007/BF01342254}
}

@article{V.Hamos1933,
author = {v. H\'{a}mos, L.},
title = {R\"{o}ntgenspektroskopie und Abbildung mittels gekr
"{u}mmter Kristallreflektoren. I. Geometrisch-optische Betrachtungen},
journal = {Annalen der Physik},
volume = {409},
number = {6},
pages = {716-724},
doi = {https://doi.org/10.1002/andp.19334090608},
url = {https://onlinelibrary.wiley.com/doi/abs/10.1002/andp.19334090608},
year = {1933}
}

@article{cauchois1933,
	author = {Cauchois, Y.},
	title = {Spectrographie des rayons X par transmission d'un faisceau non canalis\'e \`a travers un cristal courb\'e - II.},
	DOI= "10.1051/jphysrad:019330040206100",
	url= "https://doi.org/10.1051/jphysrad:019330040206100",
	journal = {J. Phys. Radium},
	year = 1933,
	volume = 4,
	number = 2,
	pages = "61-72",
}

@article{Tolentino:ms0206,
author = "Tolentino, H. and Dartyge, E. and Fontaine, A. and Tourillon, G.",
title = "{X-ray absorption spectroscopy in the dispersive mode with synchrotron radiation: optical considerations}",
journal = "Journal of Applied Crystallography",
year = "1988",
volume = "21",
number = "1",
pages = "15--22",
month = "Feb",
doi = {10.1107/S0021889887008239},
url = {https://doi.org/10.1107/S0021889887008239},
}

@article{Sparks1980,
title = "X-ray monochromator geometry for focusing synchrotron radiation above 10 keV",
journal = "Nuclear Instruments and Methods",
volume = "172",
number = "1",
pages = "237 - 242",
year = "1980",
issn = "0029-554X",
doi = "https://doi.org/10.1016/0029-554X(80)90640-0",
url = "https://doi.org/10.1016/0029-554X(80)90640-0",
author = "C.J. Sparks and B.S. Borie and J.B. Hastings",
abstract = "The relative merits of crystals versus moirrors for focusing synchrotron radiation at energies above 10 keV are explored. As mirrors have critical angles of reflection rypically 120 of the Bragg scattering angles for crystals, large mirror surface areas are required. Sagittal focusing is weak for mirrors and limits the amount of radiation intercepted. We show that crystals bent to a simple cylindrical curvature will accept large divergences of radiation for sagittal focusing. At a magnification near 13, the cylindrically curved crystals are shown to make the proper Bragg angle for energies above 5 keV and for divergences larger than 10 mrad and to produce X-ray beams which are approximately focused."
}

@article{Suortti1988,
title = "A bent laue crystal monochromator for angiography at the NSLS",
journal = "Nuclear Instruments and Methods in Physics Research Section A: Accelerators, Spectrometers, Detectors and Associated Equipment",
volume = "269",
number = "3",
pages = "639 - 648",
year = "1988",
issn = "0168-9002",
doi = "https://doi.org/10.1016/0168-9002(88)90145-3",
url = "http://www.sciencedirect.com/science/article/pii/0168900288901453",
author = "P. Suortti and W. Thomlinson",
}

@article{SuorttiShulze,
author = {Suortti,P.  and Lienert,U.  and Schulze,C. },
title = {Bent crystal optics for high energy synchrotron radiation},
journal = {AIP Conference Proceedings},
volume = {389},
number = {1},
pages = {175-192},
year = {1997},
doi = {10.1063/1.52239},
URL = {https://aip.scitation.org/doi/abs/10.1063/1.52239},
eprint = {https://aip.scitation.org/doi/pdf/10.1063/1.52239}
}

@article{Zhong2001,
author = "Zhong, Z. and Kao, C. C. and Siddons, D. P. and Hastings, J. B.",
title = "{Sagittal focusing of high-energy synchrotron X-rays with asymmetric Laue crystals. I. Theoretical considerations}",
journal = "Journal of Applied Crystallography",
year = "2001",
volume = "34",
number = "4",
pages = "504--509",
month = "Aug",
doi = {10.1107/S0021889801006409},
url = {https://doi.org/10.1107/S0021889801006409},
}

@article{KB1948,
author = {Paul Kirkpatrick and A. V. Baez},
journal = {J. Opt. Soc. Am.},
keywords = {Focal points; Image quality; Optical surfaces; X ray diffraction; X ray imaging; X ray microscopy},
number = {9},
pages = {766--774},
publisher = {OSA},
title = {Formation of Optical Images by X-Rays},
volume = {38},
month = {Sep},
year = {1948},
url = {http://www.osapublishing.org/abstract.cfm?URI=josa-38-9-766},
doi = {10.1364/JOSA.38.000766},
}

@article{Caciuffo1987,
title = "Monochromators for x-ray synchrotron radiation",
journal = "Physics Reports",
volume = "152",
number = "1",
pages = "1 - 71",
year = "1987",
issn = "0370-1573",
doi = "https://doi.org/10.1016/0370-1573(87)90080-9",
url = "http://www.sciencedirect.com/science/article/pii/0370157387900809",
author = "R Caciuffo and S Melone and F Rustichelli and A Boeuf"
}


@article{AfanasevKohn1977,
author = "Afanasâ€™ev, A. M. and Kohn, V. G.",
title = "{}",
journal = "Fiz. Tverd. Tela (Leningrad)",
year = "1977",
volume = "19",
pages = "1775â€“1783",
}  

@article{Aristov1980,
author = "Aristov, V. V. and Polovinkina, V. I. and Afanas'ev, A. M. and Kohn, V. G.",
title = "{{\it Pendell{\"{o}}sung} fringes for X-ray spherical-wave diffraction in a perfect crystal}",
journal = "Acta Crystallographica Section A",
year = "1980",
volume = "36",
number = "6",
pages = "1002--1013",
month = "Nov",
doi = {10.1107/S0567739480002045},
url = {https://doi.org/10.1107/S0567739480002045},
}

@article{Aristov1978,
author = "Aristov, V.V. and Polovinkina,V.I. and Shmytko, I.M. and Shulakov, E.V.",
title = "{}",
journal = "JETP Lett.",
year = "1978",
volume = "28",
pages = "4-7",
}  

@article{GuigayFerrero2016,
author = "Guigay, J. P. and Ferrero, C.",
title = "{Dynamical focusing by bent, asymmetrically cut perfect crystals in Laue geometry}",
journal = "Acta Crystallographica Section A",
year = "2016",
volume = "72",
number = "4",
pages = "489--499",
month = "Jul",
doi = {10.1107/S2053273316006549},
url = {https://doi.org/10.1107/S2053273316006549},
keywords = {influence functions, dynamical focusing, bent perfect crystals, Laue asymmetric geometry},
}  

@article{GuigayFerrero2013,
author = "Guigay, J.-P. and Ferrero, C. and Bhattacharyya, D. and Mathon, O. and Pascarelli, S.",
title = "{Bent perfect crystals as X-ray focusing polychromators in symmetric Laue geometry}",
journal = "Acta Crystallographica Section A",
year = "2013",
volume = "69",
number = "1",
pages = "91--97",
month = "Jan",
doi = {10.1107/S0108767312044601},
url = {https://doi.org/10.1107/S0108767312044601},
keywords = {Laue geometry, bent crystals, dynamical diffraction theory, focusing polychromator},
}

@article{CK,
author = "Chukhovskii, F. N. and Krisch, M.",
title = "{The lens equation for Bragg diffraction optics. The general case of asymmetrical reflection}",
journal = "Journal of Applied Crystallography",
year = "1992",
volume = "25",
number = "2",
pages = "211--213",
month = "Apr",
doi = {10.1107/S0021889891012074},
url = {https://doi.org/10.1107/S0021889891012074},
}


@article{Honkanen2018,
author = "Honkanen, Ari-Pekka and Ferrero, Claudio and Guigay, Jean-Pierre and Mocella, Vito",
title = "{A finite-element approach to dynamical diffraction problems in reflection geometry}",
journal = "Journal of Applied Crystallography",
year = "2018",
volume = "51",
number = "2",
pages = "514--525",
month = "Apr",
doi = {10.1107/S1600576718001930},
url = {https://doi.org/10.1107/S1600576718001930},
}

%T. Matsushita and H. Hashizume, Handbook of Synchrotron Radiation, Vol. 1, ed. E.E. Koch (1983) p. 261.
@book{handbook,
  title={X-ray monochromators, in Handbook of Synchrotron Radiation. Volume 1},
  author={T. Matsushita and H. Hashizume},
  publisher= "North-Holland",
  address= "Amsterdam",
  year={1983},
}

@article{kushnir,
author = {Kushnir, V. I. and Suvorov, E. V.},
title = {Investigation of Dynamic Diffraction Focusing of X-Rays by a Homogeneously Bent Crystal in the Symmetric Laue Case},
journal = {physica status solidi (a)},
volume = {69},
number = {2},
pages = {483-490},
doi = {https://doi.org/10.1002/pssa.2210690207},
url = {https://doi.org/10.1002/pssa.2210690207},
eprint = {https://onlinelibrary.wiley.com/doi/pdf/10.1002/pssa.2210690207},
year = {1982}
}




@article{Nesterets,
author = "Nesterets, Ya. I. and Wilkins, S. W.",
title = "{Evaluation of the focusing performance of bent Laue crystals using wave-optical theory}",
journal = "Journal of Applied Crystallography",
year = "2008",
volume = "41",
number = "2",
pages = "237--248",
month = "Apr",
doi = {10.1107/S0021889808000617},
url = {https://doi.org/10.1107/S0021889808000617},
keywords = {focusing performance, bent Laue crystals, wave-optical theory, geometrical aberrations},
}

@article{Mocella2008,
author = "Mocella, V. and Ferrero, C. and Hrd{\'{y}}, J. and Wright, J. and Pascarelli, S. and Hoszowska, J.",
title = "{Experimental verification of dynamical diffraction focusing by a bent crystal wedge in Laue geometry}",
journal = "Journal of Applied Crystallography",
year = "2008",
volume = "41",
number = "4",
pages = "695--700",
month = "Aug",
doi = {10.1107/S0021889808017883},
url = {https://doi.org/10.1107/S0021889808017883},
}

@article{Mocella2004,
author = "Mocella, V. and Guigay, J. P. and Hrd{\'{y}}, J. and Ferrero, C. and Hoszowska, J.",
title = "{Bent crystals in Laue geometry: dynamical focusing of a polychromatic incident beam}",
journal = "Journal of Applied Crystallography",
year = "2004",
volume = "37",
number = "6",
pages = "941--946",
month = "Dec",
doi = {10.1107/S0021889804023829},
url = {https://doi.org/10.1107/S0021889804023829},
}
% P. V. Petrashen', Fiz. Tverd. Tela 15, 3131 (1973) [Sov.
% Phys. Solid State 15, 2096 (1974)].
@article{Petrashen1974,
    author = {Petrashenâ€™, P. V.},
    journal = {Sov. Phys. Solid State},
    pages = "2096-2097",
    volume = {15},
    year = {1974}
}

@article{Katagawa1974,
author = "Katagawa, T. and Kato, N.",
title = "{The exact dynamical wave fields for a crystal with a constant strain gradient on the basis of the Takagi{--}Taupin equations}",
journal = "Acta Crystallographica Section A",
year = "1974",
volume = "30",
number = "6",
pages = "830--836",
month = "Nov",
doi = {10.1107/S0567739474001938},
url = {https://doi.org/10.1107/S0567739474001938},
}

@article{Litzmann1974,
author = {Litzman, O. and Jan\'{a}\v{c}ek, Z.},
title = {The exact solution of Takagi's equations for the dynamical X-ray diffraction in an elastically bent crystal},
journal = {physica status solidi (a)},
volume = {25},
number = {2},
pages = {663-666},
doi = {https://doi.org/10.1002/pssa.2210250236},
url = {https://onlinelibrary.wiley.com/doi/abs/10.1002/pssa.2210250236},
eprint = {https://onlinelibrary.wiley.com/doi/pdf/10.1002/pssa.2210250236},
year = {1974}
}

@article{Chukhovski1977,
author = "Chukhovskii, F. N. and Petrashen', P. V.",
title = "{A general dynamical theory of the X-ray Laue diffraction from a homogeneously bent crystal}",
journal = "Acta Crystallographica Section A",
year = "1977",
volume = "33",
number = "2",
pages = "311--319",
month = "Mar",
doi = {10.1107/S056773947700076X},
url = {https://doi.org/10.1107/S056773947700076X},
}

@inproceedings{PengQi,
author = {Peng Qi and Xianbo Shi and Nazanin Samadi and Dean Chapman},
title = {{Focusing and energy dispersion properties of a cylindrically bent asymmetric Laue crystal}},
volume = {11108},
booktitle = {Advances in X-Ray/EUV Optics and Components XIV},
editor = {Ali M. Khounsary and Shunji Goto and Christian Morawe},
organization = {International Society for Optics and Photonics},
publisher = {SPIE},
pages = {30 -- 38},
keywords = {x-ray diffraction, Laue diffraction, x-ray energy dispersion, focusing x-ray optics},
year = {2019},
doi = {10.1117/12.2525449},
URL = {https://doi.org/10.1117/12.2525449}
}

@article{KaganerPetrovSamoylova,
author = "Kaganer, Vladimir M. and Petrov, Ilia and Samoylova, Liubov",
title = "{X-ray diffraction from strongly bent crystals and spectroscopy of X-ray free-electron laser pulses}",
journal = "Acta Crystallographica Section A",
year = "2020",
volume = "76",
number = "1",
pages = "55--69",
month = "Jan",
doi = {10.1107/S2053273319014347},
url = {https://doi.org/10.1107/S2053273319014347},
}

@article{KohnSmirnova,
author = {Kohn, Victor Germanovich and Smirnova, Irina A.},
title = {Computer Simulations of X-Ray Spherical Wave Laue Diffraction in a Thick Perfect Crystal with a Triangular Cutout on the Exit Surface},
journal = {physica status solidi (b)},
volume = {257},
number = {1},
pages = {1900441},
keywords = {strong intensity increase, thick crystal, triangular cutout, X-ray diffraction, X-ray interference effect, X-ray topography},
doi = {https://doi.org/10.1002/pssb.201900441},
url = {https://onlinelibrary.wiley.com/doi/abs/10.1002/pssb.201900441},
eprint = {https://onlinelibrary.wiley.com/doi/pdf/10.1002/pssb.201900441},
year = {2020}
}

@article{Kohn2000,
author = {Kohn, V.G. and Snigireva, I. and Snigirev, A.},
title = {Theory of Imaging a Perfect Crystal under the Conditions of X-Ray Spherical Wave Dynamical Diffraction},
journal = {Physica status solidi (b)},
volume = {222},
number = {2},
pages = {407-423},
doi = {https://doi.org/10.1002/1521-3951(200011)222:2\%3C407::AID-PSSB407\%3E3.0.CO;2-X},
url = {https://onlinelibrary.wiley.com/doi/10.1002/1521-3951(200011)222:2\%3C407::AID-PSSB407\%3E3.0.CO;2-X},
year = {2000}
}

@article{ZeilingerOLD,
author = {Zeilinger, A. and Shull, C.G. and Horne, M.A. and Squires, G.L.},
title = {Two-crystal neutron interferometry},
journal = {International workshop on neutron interferometry, France},
volume = {},
number = {},
pages = {},
doi = {},
url = {https://inis.iaea.org/search/search.aspx?orig_q=RN:10474132},
year = {1979}
}

@incollection{Zeilinger,
  author       =  {Zeilinger, A. and Shull, C.G. and Horne, M.A. and Squires, G.L.},
  title        = {Two-crystal neutron interferometry},
  editor       = {U. Bonse and S. Rauch},
  booktitle    = {Neutron Interferometry},
  publisher    = {Oxford University Press},
  pages        = {48},
  year         = 1979,
}

@article{sanchezdelrio1994,
title = {Modeling perfect crystals in transmission geometry for synchrotron radiation monochromator design},
journal = {Nuclear Instruments and Methods in Physics Research Section A: Accelerators, Spectrometers, Detectors and Associated Equipment},
volume = {347},
number = {1},
pages = {338-343},
year = {1994},
issn = {0168-9002},
doi = {https://doi.org/10.1016/0168-9002(94)91905-4},
url = {https://www.sciencedirect.com/science/article/pii/0168900294919054},
author = {M. {Sanchez del Rio} and C. Ferrero and G-J. Chen and F. Cerrina},
}

@article{sutter2010,
title = {Geometrical and wave-optical effects on the performance of a bent-crystal dispersive X-ray spectrometer},
journal = {Nuclear Instruments and Methods in Physics Research Section A: Accelerators, Spectrometers, Detectors and Associated Equipment},
volume = {621},
number = {1},
pages = {627-636},
year = {2010},
issn = {0168-9002},
doi = {https://doi.org/10.1016/j.nima.2010.03.139},
url = {https://www.sciencedirect.com/science/article/pii/S0168900210007655},
author = {J.P. Sutter and M. Amboage and S. Hayama and S. Diaz-Moreno},
keywords = {X-rays, Dispersive, Spectrometer, Diffraction, Optics},
}

@inproceedings{honkanen2017,
author = {A. P. Honkanen and C. Ferrero and J. P. Guigay and V. Mocella},
title = {{A finite element approach to x-ray optics design}},
volume = {10236},
booktitle = {Damage to VUV, EUV, and X-ray Optics VI},
editor = {Libor Juha and SaÅ¡a Bajt and Regina Soufli},
organization = {International Society for Optics and Photonics},
publisher = {SPIE},
pages = {1 -- 11},
keywords = {Dynamical diffraction, x-ray optics , focusing, finite element methods, comsol},
year = {2017},
doi = {10.1117/12.2268072},
URL = {https://doi.org/10.1117/12.2268072}
}

@article{kato1961,
author = "Kato, N.",
title = "{A theoretical study of pendell{\"{o}}sung fringes. I. General considerations}",
journal = "Acta Crystallographica",
year = "1961",
volume = "14",
number = "5",
pages = "526--532",
month = "May",
doi = {10.1107/S0365110X61001625},
url = {https://doi.org/10.1107/S0365110X61001625},
}

@article{Martinson,
author = "Martinson, Mercedes and Samadi, Nazanin and Bassey, Bassey and Gomez, Ariel and Chapman, Dean",
title = "{Phase-preserving beam expander for biomedical X-ray imaging}",
journal = "Journal of Synchrotron Radiation",
year = "2015",
volume = "22",
number = "3",
pages = "801--806",
month = "May",
doi = {10.1107/S1600577515004695},
url = {https://doi.org/10.1107/S1600577515004695},
}

@article{Schulze1998,
author = "Schulze, C. and Lienert, U. and Hanfland, M. and Lorenzen, M. and Zontone, F.",
title = "{Microfocusing of Hard X-rays with Cylindrically Bent Crystal Monochromators}",
journal = "Journal of Synchrotron Radiation",
year = "1998",
volume = "5",
number = "2",
pages = "77--81",
month = "Mar",
doi = {10.1107/S0909049597014568},
url = {https://doi.org/10.1107/S0909049597014568},
}

@article{PengQi2021,
author = "Qi, Peng and Shi, Xianbo and Samadi, Nazanin and Chapman, Dean",
title = "{Bent Laue crystal anatomy: new insights into focusing and energy-dispersion properties}",
journal = "Journal of Applied Crystallography",
year = "2021",
volume = "54",
number = "2",
pages = "409--426",
month = "Apr",
doi = {10.1107/S1600576720016428},
url = {https://doi.org/10.1107/S1600576720016428},
}

@article{KohnGorobtsov2013,
author = "Kohn, V. G. and Gorobtsov, O. Y. and Vartanyants, I. A.",
title = "{Spectrometer for hard X-ray free-electron laser based on diffraction focusing}",
journal = "Journal of Synchrotron Radiation",
year = "2013",
volume = "20",
number = "2",
pages = "258--265",
month = "Mar",
doi = {10.1107/S0909049513000903},
url = {https://doi.org/10.1107/S0909049513000903},
}

@inproceedings{snigirevkohn1995,
author = {Anatoly A. Snigirev and Victor Kohn},
title = {{Bragg-Fresnel optics at the ESRF: microdiffraction and microimaging applications}},
volume = {2516},
booktitle = {X-Ray Microbeam Technology and Applications},
editor = {Wenbing Yun},
organization = {International Society for Optics and Photonics},
publisher = {SPIE},
pages = {27 -- 37},
year = {1995},
doi = {},
URL = {https://doi.org/10.1117/12.221678}
}

@article{Aristov1980PhysStatSol,
author = {Aristov, V. V. and Kohn, V. G. and Polovinkina, V. I.},
title = {Role of entrance slit in the X-ray section topography of single crystals},
journal = {physica status solidi (a)},
volume = {62},
number = {2},
pages = {431-440},
doi = {https://doi.org/10.1002/pssa.2210620210},
url = {https://onlinelibrary.wiley.com/doi/abs/10.1002/pssa.2210620210},
eprint = {https://onlinelibrary.wiley.com/doi/pdf/10.1002/pssa.2210620210},
year = {1980}
}

@article{martinson2017,
author = "Martinson, Mercedes and Samadi, Nazanin and Shi, Xianbo and Liu, Zunping and Assoufid, Lahsen and Chapman, Dean",
title = "{Characterization of a bent Laue double-crystal beam-expanding monochromator}",
journal = "Journal of Synchrotron Radiation",
year = "2017",
volume = "24",
number = "6",
pages = "1146--1151",
month = "Nov",
doi = {10.1107/S1600577517014059},
url = {https://doi.org/10.1107/S1600577517014059},
}


